<record><leader>00000cas a22000007a 4500</leader><controlfield tag="001">79877454</controlfield><controlfield tag="008">070124d192919uuvauwr ne      0    0eng d</controlfield><datafield ind1=" " ind2=" " tag="010"><subfield code="a">sn2007060592</subfield></datafield><datafield ind1=" " ind2=" " tag="040"><subfield code="a">NVK</subfield><subfield code="b">eng</subfield><subfield code="c">NVK</subfield><subfield code="d">NVK</subfield><subfield code="d">OCLCQ</subfield><subfield code="d">OCLCF</subfield><subfield code="d">OCLCO</subfield></datafield><datafield ind1="1" ind2=" " tag="029"><subfield code="a">AU@</subfield><subfield code="b">000041225434</subfield></datafield><datafield ind1=" " ind2=" " tag="042"><subfield code="a">msc</subfield></datafield><datafield ind1=" " ind2=" " tag="043"><subfield code="a">n-us-va</subfield></datafield><datafield ind1="0" ind2=" " tag="130"><subfield code="a">Liberal (Wise, Va.)</subfield></datafield><datafield ind1="1" ind2="4" tag="245"><subfield code="a">The Liberal.</subfield></datafield><datafield ind1="1" ind2="7" tag="246"><subfield code="a">Liberal news and views</subfield></datafield><datafield ind1=" " ind2=" " tag="260"><subfield code="a">Wise, Va. :</subfield><subfield code="b">J.T. Adams</subfield></datafield><datafield ind1=" " ind2=" " tag="310"><subfield code="a">Weekly</subfield></datafield><datafield ind1="1" ind2=" " tag="362"><subfield code="a">Began in 1929; ceased in 1929?</subfield></datafield><datafield ind1=" " ind2=" " tag="500"><subfield code="a">"With which is combined the Wise Gazette, the Neon News and the Coeburn Times."</subfield></datafield><datafield ind1=" " ind2=" " tag="580"><subfield code="a">The Liberal (Wise, Va.) continues the Vagabond gazette (Wise, Va.). J.T. Adams later published a literary journal also called the Vagabond gazette (Big Laurel, Va.).</subfield></datafield><datafield ind1=" " ind2=" " tag="588"><subfield code="a">Description based on: Vol. 2, no. 1 (May 10, 1929).</subfield></datafield><datafield ind1=" " ind2="0" tag="651"><subfield code="a">Wise (Va.)</subfield><subfield code="v">Newspapers.</subfield></datafield><datafield ind1=" " ind2="7" tag="655"><subfield code="a">Newspapers.</subfield><subfield code="2">fast</subfield><subfield code="0">(OCoLC)fst01423814</subfield></datafield><datafield ind1=" " ind2="7" tag="651"><subfield code="a">Virginia</subfield><subfield code="z">Wise.</subfield><subfield code="2">fast</subfield><subfield code="0">(OCoLC)fst01211800</subfield></datafield><datafield ind1=" " ind2=" " tag="752"><subfield code="a">United States</subfield><subfield code="b">Virginia</subfield><subfield code="c">Wise</subfield><subfield code="d">Wise.</subfield></datafield><datafield ind1="1" ind2="0" tag="780"><subfield code="t">Vagabond gazette (Wise, Va.)</subfield><subfield code="w">(DLC)sn 96095030</subfield></datafield><datafield ind1="1" ind2=" " tag="787"><subfield code="t">Vagabond gazette (Big Laurel, Va.)</subfield><subfield code="w">(DLC)sn 96095026</subfield></datafield></record>